@book{sintelo,
  author    = "Karina Kieling Dos Santos e Philipe Marcon Dos Reis",
  title     = "Ambiente de Apoio ao Ensino de Análise Sintática em Disciplinas de Compiladores",
  publisher = "Universidade Do Sul De Santa Catarina",
  year      = "2008",
  url       = "https://code.google.com/p/sintelo/downloads/detail?name=tcc-sintelo.pdf\&can=2\&q="
}

@book{cgen,
  author    = "Jerônimo Backes",
  title     = "Ferramenta de Apoio ao Estudo de Compiladores",
  publisher = "Universidade de Santa Cruz do Sul",
  year      = "2006",
  url       = "sourceforge.net/projects/c-gen/"
}

@BOOK{Sebesta201201, 
	title={Concepts of Programming Languages (10th Edition)},
	author={Robert W. Sebesta},
	publisher={Addison-Wesley},
	year={2012},
	month={1},
	edition={10},
	totalpages={816},
	timestamp={2013.08.19},
}